@inproceedings{systemg,
  author    = {Gabriel Tanase and
               Toyotaro Suzumura and
               Jinho Lee and
               Chun{-}Fu Chen and
               Jason Crawford and
               Hiroki Kanezashi and
               Song Zhang and
               Warut D. Vijitbenjaronk},
  title     = {System {G} Distributed Graph Database},
  journal   = {CoRR},
  volume    = {abs/1802.03057},
  year      = {2018},
  url       = {http://arxiv.org/abs/1802.03057},
  archivePrefix = {arXiv},
  eprint    = {1802.03057},
  timestamp = {Thu, 01 Mar 2018 15:00:45 +0100},
  biburl    = {https://dblp.org/rec/bib/journals/corr/abs-1802-03057},
  bibsource = {dblp computer science bibliography, https://dblp.org}
}

@inproceedings{graphchidb,
  author    = {Aapo Kyrola and
               Carlos Guestrin},
  title     = {GraphChi-DB: Simple Design for a Scalable Graph Database System -
               on Just a {PC}},
  journal   = {CoRR},
  volume    = {abs/1403.0701},
  year      = {2014},
  url       = {http://arxiv.org/abs/1403.0701},
  archivePrefix = {arXiv},
  eprint    = {1403.0701},
  timestamp = {Wed, 07 Jun 2017 14:41:12 +0200},
  biburl    = {https://dblp.org/rec/bib/journals/corr/KyrolaG14},
  bibsource = {dblp computer science bibliography, https://dblp.org}
}

@inproceedings{graphchi,
 	 author = {Aapo Kyrola and Guy Blelloch and Carlos Guestrin},
     title = {GraphChi: Large-Scale Graph Computation on Just a {PC}},
	booktitle = {Presented as part of the 10th {USENIX} Symposium on Operating Systems Design and Implementation ({OSDI} 12)},
	year = {2012},
	isbn = {978-1-931971-96-6},
	address = {Hollywood, CA},
	pages = {31--46},
	url = {https://www.usenix.org/conference/osdi12/technical-	sessions/presentation/kyrola},
	publisher = {{USENIX}},
}

@inproceedings{trinity,
 	 author = {Shao, Bin and Wang, Haixun and Li, Yatao},
 title = {Trinity: A Distributed Graph Engine on a Memory Cloud},
 booktitle = {Proceedings of the 2013 ACM SIGMOD International Conference on Management of Data},
 series = {SIGMOD '13},
 year = {2013},
 isbn = {978-1-4503-2037-5},
 location = {New York, New York, USA},
 pages = {505--516},
 numpages = {12},
 url = {http://doi.acm.org/10.1145/2463676.2467799},
 doi = {10.1145/2463676.2467799},
 acmid = {2467799},
 publisher = {ACM},
 address = {New York, NY, USA},
 keywords = {distributed system, graph database, memory cloud},
}

@inproceedings{g-store,
 	 title={G-Store: a storage manager for graph data},
  author={Steinhaus, Robin and Olteanu, Dan and Furche, Tim},
  year={2010},
  url = {http://www.cs.ox.ac.uk/dan.olteanu/papers/g-store.pdf},
  booktitle = {Doctoral dissertation, University of Oxford}
  school={University of Oxford}
}

@misc{qperf,
  author = {Johann George},
  title = {{qperf-Man page}},
  howpublished = "\url{https://linux.die.net/man/1/qperf}",
}

@misc{netperf,
  title = {{netperf- manual page}},
  howpublished = "\url{https://hewlettpackard.github.io/netperf/doc/netperf.html}",
}

@misc{neptunedb,
  author = {AWS},
  title = {{NeptuneDB}},
  howpublished = "\url{https://aws.amazon.com/neptune}",
}

@misc{cosmosdb,
  author = {Microsoft},
  title = {{CosmosDB}},
  howpublished = "\url{https://docs.microsoft.com/en-us/azure/cosmos-db/graph-introduction}",
}

@misc{neo4j,
  author = {Neo4j},
  title = {{Graph Database}},
  howpublished = "\url{https://neo4j.com}",
}

@misc{dbranking,
  author = {DB-Engines},
  title = {{Ranking of Graph DBMS}},
  howpublished = "\url{https://db-engines.com/en/ranking/graph+dbms}",
}

@misc{tinkerpop,
  author = {Apache},
  title = {{TinkerPop}},
  howpublished = "\url{http://tinkerpop.apache.org}",
}

@misc{golang,
  author = {Google},
  title = {{Golang}},
  howpublished = "\url{https://golang.org/}",
}

@misc{go/zk,
	author = {Samuel},
    title = {{go/zk}},
	howpublished = "\url{https://godoc.org/github.com/samuel/go-zookeeper/zk},
}

